@online{,
  title = {Working with Arrays: Broadcasting},
  shorttitle = {Working with Arrays},
  author = {Amerio, Aurelio},
  date = {2019-11-25T00:00:00+00:00},
  year = {2019},
  url = {https://techytok.com/lesson-working-with-arrays/},
  urldate = {2023-11-01},
  abstract = {From zero to Julia Lesson 5. Working with arrays: broadcasting},
  langid = {english},
  organization = {{TechyTok}},
  file = {/home/alfarizi/Zotero/storage/X26HMVIR/lesson-working-with-arrays.html}
}
